@article{Pennec:AnnStat:2018,
  author = {Xavier Pennec},
  title = {{Barycentric subspace analysis on manifolds}},
  volume = {46},
  journal = {The Annals of Statistics},
  number = {6A},
  publisher = {Institute of Mathematical Statistics},
  pages = {2711 -- 2746},
  keywords = {Barycenter, flag of subspaces, Fr√©chet mean, Manifold, PCA},
  year = {2018},
  doi = {10.1214/17-AOS1636},
  URL = {https://doi.org/10.1214/17-AOS1636}
}
